
    <marc:record>
        <marc:leader>01975cbc a2200337Ia 4500</marc:leader>
        <marc:controlfield tag="001">000842344</marc:controlfield>
        <marc:controlfield tag="005">20080403124701.0</marc:controlfield>
        <marc:controlfield tag="008">890206i18911913mdu                 eng d</marc:controlfield>
        <marc:datafield tag="035" ind1=" " ind2=" ">
            <marc:subfield code="a">19105170</marc:subfield>
        </marc:datafield>
        <marc:datafield tag="040" ind1=" " ind2=" ">
            <marc:subfield code="a">NDD</marc:subfield>
            <marc:subfield code="e">appm</marc:subfield>
            <marc:subfield code="c">NDD</marc:subfield>
        </marc:datafield>
        <marc:datafield tag="100" ind1="1" ind2=" ">
            <marc:subfield code="a">Adams, Herbert B.</marc:subfield>
            <marc:subfield code="q">(Herbert Baxter),</marc:subfield>
            <marc:subfield code="d">1850-1901.</marc:subfield>
        </marc:datafield>
        <marc:datafield tag="245" ind1="1" ind2="0">
            <marc:subfield code="a">Papers,</marc:subfield>
            <marc:subfield code="f">1891-1913;</marc:subfield>
            <marc:subfield code="g">(bulk 1891-1902)</marc:subfield>
            <marc:subfield code="h">[manuscript].</marc:subfield>
        </marc:datafield>
        <marc:datafield tag="300" ind1=" " ind2=" ">
            <marc:subfield code="a">52</marc:subfield>
            <marc:subfield code="f">items.</marc:subfield>
        </marc:datafield>
        <marc:datafield tag="533" ind1=" " ind2=" ">
            <marc:subfield code="a">Photostats.</marc:subfield>
            <marc:subfield code="b">Baltimore, Md. :</marc:subfield>
            <marc:subfield code="c">Johns Hopkins University.</marc:subfield>
        </marc:datafield>
        <marc:datafield tag="545" ind1=" " ind2=" ">
            <marc:subfield code="a">Historian; one of the founders of the American Historical Association (1884); resident of Baltimore, Md.</marc:subfield>
        </marc:datafield>
        <marc:datafield tag="580" ind1=" " ind2=" ">
            <marc:subfield code="a">Part of a larger collection of H. B. Adams papers at the Johns Hopkins University, Baltimore, Md.</marc:subfield>
        </marc:datafield>
        <marc:datafield tag="520" ind1="8" ind2=" ">
            <marc:subfield code="a">Letters consisting chiefly of communications from Stephen Beauregard Weeks and John Spencer Bassett concerning the organization of the History Department at Trinity College (now Duke University), Durham, N.C. Also discusses current political problems in North Carolina. Persons mentioned include John Franklin Crowell, president of Trinity College, William Kenneth Boyd, W. T. Laprade, and John Martin Vincent.</marc:subfield>
        </marc:datafield>
        <marc:datafield tag="520" ind1="8" ind2=" ">
            <marc:subfield code="a">Addition includes letters to Adams from Charles Edgeworth Jones of Augusta, Ga, who was a graduate student in history at the Johns Hopkins University.</marc:subfield>
        </marc:datafield>
        <marc:datafield tag="600" ind1="1" ind2="0">
            <marc:subfield code="a">Adams, Herbert B.</marc:subfield>
            <marc:subfield code="q">(Herbert Baxter),</marc:subfield>
            <marc:subfield code="d">1850-1901.</marc:subfield>
        </marc:datafield>
        <marc:datafield tag="600" ind1="1" ind2="0">
            <marc:subfield code="a">Crowell, J. Franklin</marc:subfield>
            <marc:subfield code="q">(John Franklin),</marc:subfield>
            <marc:subfield code="d">1857-1931.</marc:subfield>
        </marc:datafield>
        <marc:datafield tag="600" ind1="1" ind2="0">
            <marc:subfield code="a">Boyd, William K.</marc:subfield>
            <marc:subfield code="q">(William Kenneth),</marc:subfield>
            <marc:subfield code="d">1879-1938.</marc:subfield>
        </marc:datafield>
        <marc:datafield tag="600" ind1="1" ind2="0">
            <marc:subfield code="a">Laprade, W. T.</marc:subfield>
        </marc:datafield>
        <marc:datafield tag="600" ind1="1" ind2="0">
            <marc:subfield code="a">Vincent, John Martin,</marc:subfield>
            <marc:subfield code="d">1857-1939.</marc:subfield>
        </marc:datafield>
        <marc:datafield tag="610" ind1="2" ind2="0">
            <marc:subfield code="a">Duke University.</marc:subfield>
            <marc:subfield code="b">Department of History.</marc:subfield>
        </marc:datafield>
        <marc:datafield tag="650" ind1=" " ind2="0">
            <marc:subfield code="a">Universities and colleges</marc:subfield>
            <marc:subfield code="z">North Carolina.</marc:subfield>
        </marc:datafield>
        <marc:datafield tag="650" ind1=" " ind2="0">
            <marc:subfield code="a">College students</marc:subfield>
            <marc:subfield code="v">Correspondence.</marc:subfield>
        </marc:datafield>
        <marc:datafield tag="651" ind1=" " ind2="0">
            <marc:subfield code="a">North Carolina</marc:subfield>
            <marc:subfield code="x">Politics and government</marc:subfield>
            <marc:subfield code="y">1865-1950.</marc:subfield>
        </marc:datafield>
        <marc:datafield tag="651" ind1=" " ind2="0">
            <marc:subfield code="a">North Carolina</marc:subfield>
            <marc:subfield code="x">Education</marc:subfield>
            <marc:subfield code="x">History.</marc:subfield>
        </marc:datafield>
        <marc:datafield tag="700" ind1="1" ind2=" ">
            <marc:subfield code="a">Weeks, Stephen B.</marc:subfield>
            <marc:subfield code="q">(Stephen Beauregard),</marc:subfield>
            <marc:subfield code="d">1865-1918.</marc:subfield>
        </marc:datafield>
        <marc:datafield tag="700" ind1="1" ind2=" ">
            <marc:subfield code="a">Bassett, John Spencer,</marc:subfield>
            <marc:subfield code="d">1867-1928.</marc:subfield>
        </marc:datafield>
        <marc:datafield tag="700" ind1="1" ind2=" ">
            <marc:subfield code="a">Jones, Charles Edgeworth.</marc:subfield>
        </marc:datafield>
    </marc:record>